<record><leader>00000cas a22000007a 4500</leader><controlfield tag="001">13254895</controlfield><controlfield tag="008">860307d18951908wiuwr ne      0    0eng d</controlfield><datafield ind1=" " ind2=" " tag="010"><subfield code="a">sn 86086125 </subfield></datafield><datafield ind1=" " ind2=" " tag="040"><subfield code="a">NPV</subfield><subfield code="b">eng</subfield><subfield code="c">NPV</subfield><subfield code="d">OCLCQ</subfield></datafield><datafield ind1=" " ind2=" " tag="042"><subfield code="a">msc</subfield></datafield><datafield ind1=" " ind2=" " tag="045"><subfield code="a">w9x0</subfield></datafield><datafield ind1=" " ind2=" " tag="052"><subfield code="a">4123</subfield><subfield code="b">G6</subfield></datafield><datafield ind1="0" ind2="4" tag="245"><subfield code="a">The Dial-enterprise.</subfield></datafield><datafield ind1=" " ind2=" " tag="260"><subfield code="a">Boscobel, Wis. :</subfield><subfield code="b">Meyer &amp; Johnson,</subfield><subfield code="c">1895-1908.</subfield></datafield><datafield ind1=" " ind2=" " tag="300"><subfield code="a">v. :</subfield><subfield code="b">ill. (chiefly advertisements)</subfield></datafield><datafield ind1=" " ind2=" " tag="310"><subfield code="a">Weekly</subfield></datafield><datafield ind1="0" ind2=" " tag="362"><subfield code="a">Vol. 1, no. 1 (Oct. 9, 1895)-v. 36, no. 5 (Aug. 5, 1908).</subfield></datafield><datafield ind1=" " ind2=" " tag="500"><subfield code="a">Publisher varies.</subfield></datafield><datafield ind1=" " ind2=" " tag="500"><subfield code="a">Editors: F.A. Meyer, Sept. 4, 1901-June 24, 1903; J.W. Blake, July 1, 1903-April 15, 1908; V.S. Pease, Aug. 5, 1908.</subfield></datafield><datafield ind1=" " ind2=" " tag="525"><subfield code="a">Supplements accompany some issues.</subfield></datafield><datafield ind1=" " ind2=" " tag="530"><subfield code="a">Available on microfilm from The State Historical Society of Wisconsin.</subfield></datafield><datafield ind1="0" ind2="5" tag="780"><subfield code="t">Boscobel dial (Boscobel, Wis. : 1888)</subfield><subfield code="w">(DLC)sn 86086124</subfield></datafield><datafield ind1="0" ind2="0" tag="780"><subfield code="t">Enterprise (Boscobel, Wis)</subfield><subfield code="w">(DLC)sn 85041248</subfield></datafield><datafield ind1="0" ind2="0" tag="785"><subfield code="t">Boscobel dial-enterprise</subfield><subfield code="w">(DLC)sn 86086126</subfield></datafield><datafield ind1="1" ind2=" " tag="029"><subfield code="a">AU@</subfield><subfield code="b">000025823755</subfield></datafield></record>